@InProceedings{stablemodels,
	title={The stable model semantics for logic programming.},
	author={Gelfond, Michael and Lifschitz, Vladimir},
	booktitle={Proceedings of International Logic Programming Conference and Symposium},
	volume={88},
	pages={1070-1080},
	year={1988}
}

@article{nonmonotonic,
	title = "Nonmonotonic logic and temporal projection",
	journal = "Artificial Intelligence",
	volume = "33",
	number = "3",
	pages = "379 - 412",
	year = "1987",
	issn = "0004-3702",
	doi = "https://doi.org/10.1016/0004-3702(87)90043-9",
	url = "http://www.sciencedirect.com/science/article/pii/0004370287900439",
	author = "Steve Hanks and Drew McDermott"
}

@book{Ierusalimschy:2016:PLF:3002843,
	author = {Ierusalimschy, Roberto},
	title = {Programming in Lua, Fourth Edition},
	year = {2016},
	isbn = {8590379868, 9788590379867},
	publisher = {Lua.Org},
}

@misc{gplv3,
	title        = {GNU General Public License},
	version      = {3},
	shorthand    = {GPL},
	organization = {Free Software Foundation},
	url          = {http://www.gnu.org/licenses/gpl.html},
	pagination   = {section},
	language     = {english},
	date         = {2007-06-29}
}

@misc{vcs2016,
	title        = {Version Control Systems Popularity in 2016},
	organization = {RhodeCode},
	url          = {https://rhodecode.com/insights/version-control-systems-2016},
	pagination   = {section},
	language     = {english},
	date         = {2016-06-18}
}

@misc{iana_2006,
	title={Service Name and Transport Protocol Port Number Registry},
	url={https://www.iana.org/assignments/service-names-port-numbers/service-names-port-numbers.xhtml?search=5556},
	journal={Service Name and Transport Protocol Port Number Registry},
	organization={IANA},
	year={2006},
	month={Jan}
}